@ARTICLE(NICK,
  AUTHOR  = "Nick Szabo",
  TITLE   = "The Idea of Smart Contracts",
  YEAR    = "1997",
  URL = "http://szabo.best.vwh.net/smart_contracts_idea.html"
  )
  
  @www-misc(byz,
 BIBITEMLABEL = "LRM81",
  AUTHOR = "Leslie Lamport, Robert Shostak, Marshall Pease ",
  TITLE  = "{The Byzantine Generals Problem }",
  URL    = "http://research.microsoft.com/en-us/um/people/lamport/pubs/byz.pdf",
  YEAR   =  "1981"
)

@ARTICLE(ashton,
  AUTHOR  = "Kevin Ashton",
  TITLE   = "That internet of things things",
  YEAR    = "2009",
  publisher = " RFiD Journal 22",
  pages = {97-114}
  )
  
  @ARTICLE(pbft,
  BIBITEMLABEL = "CML99",
  AUTHOR  = "Miguel Castro and Barbara Liskov",
  TITLE   = "Practical Byzantine Fault Tolerance",
  YEAR    = "1999",
  publisher = "Proceedings of the Third Symposium on Operating Systems Design and Implementation"
  )
  

  @ARTICLE(pbft2,
  BIBITEMLABEL = "Vuk15",
  AUTHOR  = "Marko Vukoli",
  TITLE   = "The Quest for Scalable Blockchain Fabric: Proof-of-Work vs. BFT Replication",
  YEAR    = "2015",
  URL = "http://www.vukolic.com/iNetSec_2015.pdf"
  )
  
@ARTICLE(ethereum-safety,
 BIBITEMLABEL = "CoF17",
  AUTHOR  = "Consensys Foundation",
  TITLE   = "Ethereum Safety",
  YEAR    = "2017",
  URL	  =  "https://github.com/ConsenSys/smart-contract-best-practices"
  )
  
@ARTICLE(pos,
  AUTHOR  = "Vitalik Buterin",
  TITLE   = "Ethereum 2.0 Mauve Paper",
  YEAR    = "2016",
  URL	  =  "http://vitalik.ca/files/mauve_paper.html"
  )
  
@ARTICLE(hyperledger,
 BIBITEMLABEL = "Hyp16",
  AUTHOR  = "Linux Foundation",
  TITLE   = "Hyperledger Whitepaper",
  YEAR    = "2016",
  URL	  =  "https://github.com/hyperledger/hyperledger/wiki/Whitepaper-WG"
  )
  
@book{bitcoinbook,
	BIBITEMLABEL = "And14",
    author    = "Andreas M. Antonopoulos",
    title     = "Mastering Bitcoin",
    year      = "2014",
    publisher = "O'Reilly Media"
}
@ARTICLE(eth-whitepaper,
BIBITEMLABEL = "Eth16",
  AUTHOR  = "Ethereum Foundation",
  TITLE   = "Ethereum  white  paper  -  a  next-generation  smart
contract  and  decentralized  application  platform.",
  YEAR    = "2016",
  URL	  =  "https://github.com/ethereum/wiki/wiki/White-Paper"
  )

@www-misc(ethereum1,
 BIBITEMLABEL = "Gav14",
  AUTHOR = "Wood Gavin",
  TITLE  = "{Ethereum: A secure decentralised generalised transaction ledger.}",
  URL    = "http://gavwood.com/paper.pdf",
  YEAR   =  "2014"
)
@www-misc(scalability,
 BIBITEMLABEL = "CDE16",
  AUTHOR = "Kyle Croman, Christian Decker, Ittay Eyal , Adem Efe Gencer",
  TITLE  = "{On Scaling Decentralized Blockchains}",
  URL    = "http://fc16.ifca.ai/bitcoin/papers/CDE+16.pdf",
  YEAR   =  "2016"
)
@www-misc(bitcoin,
 
  AUTHOR = "Nakamoto Satoshi",
  TITLE  = "{Bitcoin: A peer-to-peer electronic cash system}",
  URL    = "http://bitcoin.org/bitcoin.pdf",
  YEAR   =  "2008"
)

@ARTICLE(aaa,
  BIBITEMLABEL = "AbW03",
  AUTHOR  = "B. Aboba and J.Wood",
  TITLE   = "Authentication, Authorization and Accounting (AAA) Transport Profile",
  YEAR    = "2003",
  URL	  = "https://tools.ietf.org/html/rfc3539"
  )
  
  @ARTICLE(proofofburn,
  BIBITEMLABEL = "Ste14",
  AUTHOR  = "Iain Stewart",
  TITLE   = "Slimcoin",
  YEAR    = "2014",
  URL	  =  "http://www.slimcoin.club/whitepaper.pdf"
  )


@inproceedings{bitcoinng,
	BIBITEMLABEL = "EGS16",
 	author = {Eyal Ittay, Gencer Adem Efe , Sirer Emin G },
 	title = {Bitcoin-NG: A Scalable Blockchain Protocol},
 	booktitle = {Proceedings of the 13th Usenix Conference on Networked Systems Design 					and Implementation},
 	series = {NSDI'16},
 	year = {2016},
 	pages = {45-59},
 	url = {http://dl.acm.org/citation.cfm?id=2930611.2930615},
 	publisher = {USENIX Association}
} 

@techreport{lightning,
 BIBITEMLABEL = "JpT16",
  author       = {Joseph Poon and Thaddeus Dryja}, 
  title        = {The Bitcoin Lightning Network: Scalable off-chain instant payments},
  url		   = {https://lightning.network/},
  year         = 2016,
  note         = {draft}
}


 @ARTICLE(namecoin,
 BIBITEMLABEL = "KCE15",
  AUTHOR  = "Kalodner Harry and Carlsten Miles and Ellenbogen Paul, Joseph Bonneau, Arvind Narayanan",
  TITLE   = "An empirical study of Namecoin
and lessons for decentralized namespace design",
  YEAR    = "2015",
  URL	  =  " http://randomwalker.info/publications/namespaces.pdf"
  )

 @ARTICLE(metacoin,
  AUTHOR  = "Group BitFury ",
  TITLE   = "Digital Assets on Public Blockchains Whitepaper",
  YEAR    = "2016",
  URL	  =  "http://bitfury.com/content/5-white-papers-research/bitfury-digital_assets_on_public_blockchains-1.pdf"
  )


 @ARTICLE(coloredcoin,
 BIBITEMLABEL = "ABH12",
  AUTHOR  = "Yoni Assia and Vitalik Buterin and Lior Hakim, Meni Rosenfeld, Rotem Lev",
  TITLE   = "Colored Coins whitepaper",
  YEAR    = "2012",
  URL	  =  "goo.gl/1cqgcS"
  )
  
  @ARTICLE(multichain,
  AUTHOR  = "Gideon Greenspan",
  TITLE   = "MultiChain Private Blockchain White Paper",
  YEAR    = "2015",
  URL	  =  "http://www.multichain.com/download/MultiChain-White-Paper.pdf"
  )
  
  @techreport(rootstock,
  AUTHOR  = "Sergio Demian Lerner",
  TITLE   = "Rootstock: Bitcoin powered Smart Contracts",
  YEAR    = "2015",
  URL	  = "http://www.the-blockchain.com/docs/Rootstock-WhitePaper-Overview.pdf"
  )
  
  @ARTICLE(sidechain,
  AUTHOR  = "Brain Bot and Ethereum",
  TITLE   = "Enabling Blockchain Innovations with Pegged Sidechains",
  YEAR    = "2015",
  URL	  = "  https://blockstream.com/sidechains.pdf"
  )
  
  @ARTICLE(hydrachain,
  AUTHOR  = "Ethereum and Brain Bot",
  TITLE   = "Hydrachain open source code",
  YEAR    = "2015",
  URL	  =  "  https://github.com/HydraChain/hydrachain"
  )
  
  @ARTICLE(lisk,
  AUTHOR  = "Max Kordek and Oliver Beddows",
  TITLE   = "Lisk Whitepaper",
  YEAR    = "2016",
  URL	  =  "https://lisk.io/whitepaper"
  )
  
  @ARTICLE(liskacademy,
  AUTHOR  = "Joel O Fernandez",
  TITLE   = "Lisk Academy",
  YEAR    = "2016",
  URL	  = "https://academy.lisk.io/"
  )
  
  @techreport(dpos,
  bititemlabel = "Bit15",
  AUTHOR  = "Bitshares Org",
  TITLE   = "Delegated Proof-of-Stake Consensus",
  YEAR    = "2015",
  URL	  = "https://bitshares.org/technology/delegated-proof-of-stake-consensus/"
  )
  
  @ARTICLE(cryptonite,
  AUTHOR  = "J.D.Bruce",
  TITLE   = "The Mini-Blockchain Scheme",
  YEAR    = "2014",
  URL	  =  "http://cryptonite.info/files/mbc-scheme-rev2.pdf"
  )
    
  @ARTICLE(CoAPstandard,
  BIBITEMLABEL = "SHB14",
  AUTHOR  = "Z. Shelby, K. Hartke, C. Bormann",
  TITLE   = "The Constrained Application Protocol (CoAP)",
  YEAR    = "2014",
  URL	  =  "https://tools.ietf.org/html/rfc7252"
  )
  
  @ARTICLE(constrained,
  BIBITEMLABEL = "BEK14",
  AUTHOR  = "C. Bormann, M. Ersue, A. Keranen",
  TITLE   = "Terminology for Constrained-Node Networks",
  YEAR    = "2014",
  URL	  =  "  https://tools.ietf.org/html/rfc7228"
  )
  @ARTICLE(websocket,
  BIBITEMLABEL = "FeA11",
  AUTHOR  = "I. Fette and A. Melnikov",
  TITLE   = "The WebSocket Protocol",
  YEAR    = "2011",
  URL	  =  "   https://tools.ietf.org/html/rfc6455"
  )
  
  @techreport(iotprotocols,
  AUTHOR  = "Duffy Paul",
  TITLE   = "Beyond MQTT: A Cisco View on IoT Protocols",
  YEAR    = "2013",
  URL	  =  " http://blogs.cisco.com/digital/beyond-mqtt-a-cisco-view-on-iot-protocols"
  )
  
   @ARTICLE(amqp,
  BIBITEMLABEL = "Jpm14",
  AUTHOR  = "JP Morgan",
  TITLE   = "Advanced Message Queuing Protocol (AMQP) standard",
  YEAR    = "2014",
  URL	  =  "http://www.iso.org/iso/home/store/catalogue_tc/catalogue_detail.htm?csnumber=64955"
  )
  
  @techreport(lwm2m,
  BIBITEMLABEL = "Jim16",
  AUTHOR  = "J Jimenez",
  Note = "RFC",
  TITLE   = "Open Mobile Alliance-Lightweight M2M specifications",
  YEAR    = "2016",
  URL	  = "https://tools.ietf.org/html/draft-jimenez-t2trg-coap-functionality-lwm2m-00"
  )
  
  @ARTICLE(shard,
  BIBITEMLABEL = "But17",
  AUTHOR  = " Vitalik Buterin",
  TITLE   = "On Sharding Blockchains",
  YEAR    = "2017",
  URL	  =  "https://github.com/ethereum/wiki/wiki/Sharding-FAQ"
  )
  @ARTICLE(bigchaindb,
  BIBITEMLABEL = "MMM16",
  AUTHOR  = " Trent McConaghy, Rodolphe Marques, Andreas Muller",
  TITLE   = "BigchainDB Whitepaper",
  YEAR    = "2016",
  URL	  =  "  https://www.bigchaindb.com/whitepaper/"
  )
  @ARTICLE(snmp,
  BIBITEMLABEL = "CFS90",
  AUTHOR  = " J. Case, M. Fedor, M. Schoffstall, J. Davin",
  TITLE   = "A Simple Network Management Protocol (SNMP)",
  YEAR    = "1990",
  URL	  =  "https://tools.ietf.org/html/rfc1157"
  )
  @ARTICLE(yang,
  BIBITEMLABEL = "Bjo10",
  AUTHOR  = " M. Bjorklund",
  TITLE   = "YANG - A Data Modeling Language for the Network Configuration Protocol (NETCONF)",
  YEAR    = "2010",
  URL	  =  "https://tools.ietf.org/html/rfc6020"
  )
   @ARTICLE(cobr,
  BIBITEMLABEL = "BoH16",
  AUTHOR  = "C. Bormann, P. Hoffman",
  TITLE   = "Concise Binary Object Representation (CBOR)",
  YEAR    = "2016",
  URL	  =  "https://tools.ietf.org/html/rfc7049"
  )
  
  @inproceedings(sybil,
 BIBITEMLABEL = "Dou02",
 author = {Douceur, John R.},
 title = {The Sybil Attack},
 series = {IPTPS '01},
 year = {2002},
 isbn = {3-540-44179-4},
 url = {http://dl.acm.org/citation.cfm?id=646334.687813},
)

   @ARTICLE(cool,
  BIBITEMLABEL = "VPS16",
  AUTHOR  = " M. Veillette,A. Pelov,A. Somaraju, R. Turner,A. Minaburo",
  TITLE   = "Constrained Objects Language",
  YEAR    = "2013",
  URL	  =  "https://tools.ietf.org/html/rfc7049"
  )
  
  @ARTICLE(bitcoin-weakness,
  BIBITEMLABEL = "BiF17",
  AUTHOR  = "Bitcoin Foundation",
  TITLE   = "Bitcoin Weaknesses",
  YEAR    = "2017",
  URL	  =  "https://en.bitcoin.it/wiki/Weaknesses"
  )
  
  
  @techreport{comi,
  BIBITEMLABEL = "SBV17",
	publisher =	"Internet Engineering Task Force",
	url =		"https://tools.ietf.org/html/draft-vanderstok-core-comi-11",
	author =	"Peter Van der Stok and Andy Bierman and Michel Veillette and Alexander Pelov",
	title =		"CoAP Management Interface",
	year =		"2017"
}
  
  @ARTICLE(accessControl,
BIBITEMLABEL = "RSS94",
author={R. S. Sandhu and P. Samarati},
journal={IEEE Communications Magazine},
title={Access control: principle and practice},
year={1994},
volume={32},
number={9},
pages={40-48},
doi={10.1109/35.312842},
ISSN={0163-6804}
)

@ARTICLE{management,
BIBITEMLABEL = "AVS12",
author={A. Sehgal, V. Perelman, S. Kuryla, J. Schonwalder},
journal={IEEE Communications Magazine},
title={Management of resource constrained devices in the internet of things},
year={2012},
volume={50},
number={12},
pages={144-149},
doi={10.1109/MCOM.2012.6384464},
ISSN={0163-6804},
}


@techreport{dagger-hashimoto,
BIBITEMLABEL = "DrB15",
url =		"https://github.com/ethereum/wiki/blob/master/Dagger-Hashimoto.md",
author =	"Thaddeus Dryja and Vitalik Buterin",
title =		"Dagger-Hashimoto protocol specifications",
year =		"2015"
}

@techreport{dagger,
BIBITEMLABEL = "But13",
url =		"http://www.hashcash.org/papers/dagger.html",
author =	"Vitalik Buterin",
title =		"Dagger: A Memory-Hard to Compute, Memory-Easy to Verify Scrypt Alternative",
year =		"2013"
}

@techreport{ethash,
BIBITEMLABEL = "Eth15",
url =		"https://github.com/ethereum/wiki/wiki/Ethash-Design-Rationale",
author =	"Ethereum Foundation",
title =		"Ethash Design Rationale",
year =		"2015"
}

@techreport{pseudorandom-cache,
BIBITEMLABEL = "Ler14",
url =		"http://www.hashcash.org/papers/memohash.pdf",
author =	"Sergio Lerner",
title =		"Strict Memory Hashing Functions",
year =		"2014"
}


@book{bayesian-networks,
  title={An introduction to Bayesian networks},
  author={Jensen, Finn V},
  volume={210},
  year={1996},
  publisher={UCL press London}
}

@ARTICLE(middleware,
  bibitemlabel = "Joh07",
  AUTHOR  = "John O'Hara",
  TITLE   = "Toward a commodity enterprise middleware",
  YEAR    = "2007",
  URL	  =  "http://oldwww.acm.org/acmqueue/digital/Queuevol5no4_May2007.pdf",
  pages={48-55},
  doi={10.1145/1255421.1255424}
  )
 
 @ARTICLE(observe-notify,
  bibitemlabel = "Har15",
  AUTHOR  = " K. Hartke",
  TITLE   = "Observing Resources in the Constrained Application Protocol (CoAP)",
  YEAR    = "2015",
  URL	  =  "https://tools.ietf.org/html/rfc6120"
  )
  
  @techreport(dsr,
  bibitemlabel = "VaK15",
  AUTHOR  = " V. Vaishnavi, B. Kuechler",
  TITLE   = "Design Research in Information Systems",
  YEAR    = "2015",
  URL	  =  "http://desrist.org/design-research-in-information-systems/"
  )
  
  @ARTICLE(leshan,
  bibitemlabel = "ToA15",
  TITLE   = "Leshan Implementation",
  URL	  =  "https://github.com/eclipse/leshan",
  YEAR    = "2015",
  )